2018 3638
344 128 734 213 PRAEFATIO.

95 251 175 305 ‚rum
188 233 425 318 circunstantium
446 235 537 322 quales
557 235 636 299 nuiae
650 239 683 299 in
697 231 871 318 Scholasticis.
912 231 967 300 Li-
991 248 1003 314 i

109 317 203 402 quebit
213 315 260 382 hoc
275 340 313 380 ex
328 325 397 382 notis
409 323 512 402 nnflrb.
997 356 1003 397 t

150 399 244 465 Nr'cai.
259 400 389 481 Heinfius
409 407 489 466 initio
507 414 637 466 animum
651 401 692 464 ad
702 397 832 486 Elegiam
846 406 879 466 ia
892 421 968 466 mor·
988 422 1003 483 „²2

178 491 249 548 'um
296 506 360 549 ru.
993 522 997 539 ι

107 486 300 634 Po'e‘mrtiuss
313 483 397 646 bstou,
417 568 565 649 quantivis
579 566 685 648 pretii,
715 565 745 631 dt
761 566 885 666 dignum
900 565 965 633 Ge-
997 526 1003 645 ἱ

107 650 163 714 nio
177 671 213 719 ac
228 651 379 732 majestate
395 651 492 717 sarculi
506 649 678 717 Nasoniani
693 651 745 732 qni
763 668 874 733 primus
888 652 965 716 eruit
995 693 1003 730 -,

108 727 292 814 Membris,
313 754 360 799 nae
380 736 431 799 ille
452 736 504 798 inst
526 754 597 798 nem
609 733 779 798 thesaurum
792 733 888 798 ulibus
907 753 963 816 pu·

108 816 192 879 blicis
215 819 255 882 cll
278 821 406 904 largitus.
448 814 494 878 Pe
545 837 589 878 em
610 815 820 880 Albinovanum
833 814 898 896 ejus
911 836 963 880 au·
1000 826 1003 840 '

107 895 223 964 &orem
236 900 358 987 Scaliger
371 903 480 982 aliique
493 899 684 965 constituunt.
720 898 807 985 Ego,
821 899 870 964 etfi
888 902 961 964 nihil

104 980 218 1046 temere
231 984 360 1049 adfirmo
379 1029 389 1062 ‚
418 984 523 1048 videor
544 999 647 1047 tamen
661 984 735 1047 mihi
751 1002 815 1047 non
830 985 961 1046 omnino

95 1061 191 1142 falli,
210 1069 263 1147 qni
280 1065 386 1146 Nasoni
399 1067 480 1130 hunc
499 1066 609 1130 foetum
632 1065 710 1130 haud
725 1065 783 1130 elle
798 1066 963 1130 adscriben-

94 1144 181 1211 'dum
200 1149 328 1212 arbitrer.
371 1146 598 1229 Inscriptionem
610 1147 674 1227 ejus
702 1194 712 1226 ‚
750 1149 960 1230 quamprimo
998 1186 1003 1223 -,

103 1229 250 1293 editiones
264 1231 293 1294 dt
309 1229 405 1312 scripti
413 1231 544 1295 Codices
555 1230 722 1294 constanter
736 1231 901 1312 agnoscunt
909 1231 960 1295 ad-

102 1312 281 1376 mittendam
294 1313 363 1376 duxi
384 1357 394 1392 ‚
420 1311 572 1393 nisiqubd
588 1313 669 1376 iniis
687 1313 724 1374 ad
746 1312 887 1376 Ovidium
907 1333 961 1376 au·

101 1391 218 1459 &orem
233 1395 297 1459 haec
312 1393 416 1480 Elegia
431 1395 552 1460 refertur
568 1440 578 1471 ‚
605 1393 679 1457 crim
696 1394 734 1456 ad
751 1395 845 1457 alium
857 1394 959 1475 potiris
993 1450 996 1455 .

100 1478 239 1554 quemvis
253 1479 377 1542 illorum
399 1491 569 1560 temporum
586 1477 706 1556 po'e‘ram
723 1476 864 1539 debuerit.
887 1506 890 1510 ‡
907 1476 959 1542 Eli

92 1557 222 1639 Jquidem
235 1580 358 1625 carmen
371 1557 462 1645 longi:
474 1557 737 1642 prostantilitmum
754 1556 880 1642 indignis
889 1576 960 1623 mo-

99 1639 146 1705 dit
161 1656 337 1724 acceptum,
357 1654 407 1724 pe'r
423 1646 610 1708 librariorum
626 1641 813 1706 oscitantiam
835 1662 844 1719 ;
870 1644 958 1705 nobis

100 1734 205 1788 tamen
220 1729 265 1790 vel
280 1727 320 1791 stc
333 1729 496 1806 sumserit,
516 1740 549 1791 ut
558 1723 717 1807 aliquanti)
731 1723 917 1789 emendatius
924 1727 957 1789 in

97 1805 250 1886 posterum
262 1812 376 1894 legatur
392 1802 608 1893 §quamquam
629 1813 661 1872 in
674 1809 754 1873 libris
767 1806 886 1871 vetustis
900 1809 959 1870 mi·

97 1889 220 1956 nimrim
235 1891 354 1974 praefidii
369 1894 432 1958 fuit.
472 1893 615 1978 Quorum
630 1911 726 1956 unum
741 1891 867 1971 Roma,
878 1890 956 1972 apud

96 1975 258 2054 amicum,
279 1976 359 2051 vidi;
379 1974 545 2041 secundum
560 1975 586 2041 F
588 1976 719 2040 lorentiae
734 2020 744 2054 ,
766 1975 799 2038 in
812 1972 956 2040 Medicea

95 2049 294 2124 Bibliotheca.
335 2056 458 2124 Tertius
482 2059 646 2141 &quartus
659 2055 750 2140 penes
765 2077 816 2121 me
829 2055 956 2136 exstant,

96 2155 230 2217 quorum
246 2146 340 2206 altero
361 2142 483 2205 heredes
499 2140 665 2205 Combirni
681 2139 814 2204 venetis
835 2158 891 2222 meg
901 2139 956 2209 do·

96 2236 273 2300 naverunt,
306 2226 400 2286 altero
424 2226 469 2286 vir
489 2221 681 2287 emiciffimus
703 2219 803 2286 Lucas
825 2219 957 2305 Langer·

95 2319 253 2383 mannus,
263 2302 398 2386 Neapoli
414 2302 541 2381 edredo
590 2303 712 2369 Omnes
723 2303 787 2382 poll
800 2304 956 2369 inventam

96 2401 192 2451 artem
205 2387 447 2471 typographicam
462 2387 569 2450 exarati
583 2429 593 2463 ,
615 2384 649 2448 ’ἃ
663 2402 714 2464 per
728 2387 833 2449 omnia
846 2402 955 2466 prope·

92 2470 227 2535 modum
241 2466 760 2552 pritniseditionibusrespon'dcntes,
780 2485 853 2547 quas
861 2468 954 2532 etiam

92 2551 232 2636 religiosi
242 2553 459 2620 consuluimus.
479 2549 602 2615 interim
614 2550 689 2613 dum
702 2548 955 2630 sublidiamajoris

94 2639 246 2701 momenti
259 2635 557 2717 circumspiciuntur,
576 2632 732 2696 videamus
752 2633 771 2697 st
787 2631 859 2715 quid
879 2651 954 2697 con·

94 2718 162 2782 ferri
185 2719 201 2783 i
223 2723 311 2786 nobis
332 2717 446 2802 potiit,
473 2717 512 2783 ad
525 2714 719 2800 detergendos
743 2733 872 2789 naevos,
899 2717 953 2797 qui

91 2797 209 2884 Scripto
224 2805 425 2885 pulcherrimo
439 2820 503 2865 non
518 2801 604 2881 pauci
619 2799 787 2882 etiamnum
795 2796 953 2864 adherent.

92 2882 131 2947 In
146 2887 180 2949 iis
195 2901 297 2951 autern
310 2882 500 2971 indagandis,
521 2879 784 2964 quemadmodum
801 2900 865 2945 non
878 2900 951 2947 om·

91 2966 168 3030 nino
184 2968 339 3033 infeliciter
355 2967 458 3033 versati
472 2965 590 3031 sumus:
612 2965 653 3030 ita
667 2962 847 3047 conjebiurae
861 2965 952 3029 inter·

87 3048 163 3123 dum
187 3051 274 3115 nobis
297 3052 363 3116 sunt
385 3050 539 3128 subnatat,
558 3066 633 3131 quas
655 3044 951 3134 Scaliger0‚1.pfio‚

80 3129 327 3220 &gimagiis
349 3135 382 3200 in
395 3148 535 3208 mentem
558 3146 628 3199 ente
654 3150 712 3197 nos
728 3129 840 3215 remise
859 3127 956 3276 sterilli}
